<record><leader>00000cas a2200000La 4500</leader><controlfield tag="001">173711266</controlfield><controlfield tag="007">hd afb---buuu</controlfield><controlfield tag="008">820918c19289999caudn nea     0   a0eng  </controlfield><datafield ind1=" " ind2=" " tag="010"><subfield code="a">sn 82014048 </subfield></datafield><datafield ind1=" " ind2=" " tag="040"><subfield code="a">DLC</subfield><subfield code="b">eng</subfield><subfield code="c">UBY</subfield><subfield code="d">OCLCF</subfield><subfield code="d">OCLCO</subfield></datafield><datafield ind1="0" ind2="0" tag="245"><subfield code="a">Visalia times-delta</subfield><subfield code="h">[microform].</subfield></datafield><datafield ind1="1" ind2="0" tag="246"><subfield code="a">Visalia times delta</subfield></datafield><datafield ind1=" " ind2=" " tag="260"><subfield code="a">Visalia, Tulare County, Calif. :</subfield><subfield code="b">Visalia Pub Co.,</subfield></datafield><datafield ind1=" " ind2=" " tag="300"><subfield code="a">v. :</subfield><subfield code="b">ill. ;</subfield><subfield code="c">61 cm.</subfield></datafield><datafield ind1=" " ind2=" " tag="310"><subfield code="a">Daily (except Sun.)</subfield></datafield><datafield ind1="0" ind2=" " tag="362"><subfield code="a">Vol. 1, no. 1 (Mar. 1, 1928)-</subfield></datafield><datafield ind1=" " ind2=" " tag="500"><subfield code="a">Special "Anniversaries edition" published May 26, 1939.</subfield></datafield><datafield ind1=" " ind2=" " tag="580"><subfield code="a">Morning ed.: Visalia morning delta (Visalia, Calif. : 1937).</subfield></datafield><datafield ind1=" " ind2=" " tag="533"><subfield code="a">Microfilm.</subfield><subfield code="b">Ann Arbor :</subfield><subfield code="c">UMI.</subfield><subfield code="e"> microfilm reels ; 35 mm</subfield></datafield><datafield ind1=" " ind2="0" tag="651"><subfield code="a">Visalia (Calif.)</subfield><subfield code="v">Newspapers.</subfield></datafield><datafield ind1=" " ind2="7" tag="655"><subfield code="a">Newspapers.</subfield><subfield code="2">rbgenr</subfield></datafield><datafield ind1=" " ind2="7" tag="655"><subfield code="a">Newspapers.</subfield><subfield code="2">fast</subfield><subfield code="0">(OCoLC)fst01423814</subfield></datafield><datafield ind1=" " ind2="7" tag="651"><subfield code="a">California</subfield><subfield code="z">Visalia.</subfield><subfield code="2">fast</subfield><subfield code="0">(OCoLC)fst01213976</subfield></datafield><datafield ind1=" " ind2=" " tag="752"><subfield code="a">United States</subfield><subfield code="b">California</subfield><subfield code="d">Visalia.</subfield></datafield><datafield ind1="1" ind2=" " tag="775"><subfield code="t">Visalia morning delta (Visalia, Calif. : 1937)</subfield><subfield code="w">(DLC)sn 95061843</subfield></datafield><datafield ind1="0" ind2="4" tag="780"><subfield code="t">Visalia daily times</subfield><subfield code="w">(DLC)sn 93051947</subfield></datafield><datafield ind1="0" ind2="4" tag="780"><subfield code="t">Visalia morning delta</subfield><subfield code="w">(DLC)sn 93051948</subfield></datafield></record>